
@misc{example,
  title={example title},
  author={example},
  journal={example},
  volume={1},
  number={2},
  pages={3},
  year={4},
  publisher={example_pub}
}
